%% This BibTeX bibliography file was created using BibDesk.
%% http://bibdesk.sourceforge.net/


%% Created for VF at 2020-08-27 12:29:28 -0500 


%% Saved with string encoding Unicode (UTF-8) 



@article{liu,
	Author = {Ruey-Tarng Liu and Sy-Sang Liaw and Philip K. Maini},
	Date-Added = {2020-08-27 12:25:04 -0500},
	Date-Modified = {2020-08-27 12:29:28 -0500},
	Journal = {J. Kor. Phys. Soc.},
	Number = {1},
	Pages = {234-238},
	Title = {{Oscillatory Turing Patterns in a Simple Reaction-Diffusion System}},
	Volume = {50},
	Year = {2007}}

@article{Schroter2012,
	Author = {Schr{\"{o}}ter, Christian and Ares, Sa{\'{u}}l and Morelli, Luis G. and Isakova, Alina and Hens, Korneel and Soroldoni, Daniele and Gajewski, Martin and J{\"{u}}licher, Frank and Maerkl, Sebastian J. and Deplancke, Bart and Oates, Andrew C.},
	Doi = {10.1371/journal.pbio.1001364},
	Journal = {PLoS Biology},
	Number = {7},
	Pages = {11},
	Title = {{Topology and dynamics of the zebrafish segmentation clock core circuit}},
	Volume = {10},
	Year = {2012},
	Bdsk-Url-1 = {https://doi.org/10.1371/journal.pbio.1001364}}

@article{Palmeirim1997,
	Author = {Isabel Palmeirim and Domingos Henrique and David Ish-Horowicz and Olivier Pourqui{\'{e}}},
	Doi = {10.1016/s0092-8674(00)80451-1},
	Journal = {Cell},
	Number = {5},
	Pages = {639--648},
	Title = {Avian hairy Gene Expression Identifies a Molecular Clock Linked to Vertebrate Segmentation and Somitogenesis},
	Volume = {91},
	Year = {1997},
	Bdsk-Url-1 = {https://doi.org/10.1016/s0092-8674(00)80451-1}}

@article{Pourquie2001,
	Author = {Olivier Pourqui{\'{e}}},
	Doi = {10.1146/annurev.cellbio.17.1.311},
	Journal = {Annual Review of Cell and Developmental Biology},
	Number = {1},
	Pages = {311--350},
	Title = {Vertebrate Somitogenesis},
	Volume = {17},
	Year = {2001},
	Bdsk-Url-1 = {https://doi.org/10.1146/annurev.cellbio.17.1.311}}

@article{Monk2003,
	Author = {Nicholas A.M. Monk},
	Doi = {10.1016/s0960-9822(03)00494-9},
	Journal = {Current Biology},
	Number = {16},
	Pages = {1409--1413},
	Title = {Oscillatory Expression of Hes1, p53, and {NF}-$\kappa$B Driven by Transcriptional Time Delays},
	Volume = {13},
	Year = {2003},
	Bdsk-Url-1 = {https://doi.org/10.1016/s0960-9822(03)00494-9}}

@article{Lewis2003,
	Author = {Julian Lewis},
	Doi = {10.1016/s0960-9822(03)00534-7},
	Journal = {Current Biology},
	Number = {16},
	Pages = {1398--1408},
	Title = {Autoinhibition with Transcriptional Delay},
	Volume = {13},
	Year = {2003},
	Bdsk-Url-1 = {https://doi.org/10.1016/s0960-9822(03)00534-7}}

@article{Dubrulle2001,
	Author = {Julien Dubrulle and Michael J. McGrew and Olivier Pourqui{\'{e}}},
	Doi = {10.1016/s0092-8674(01)00437-8},
	Journal = {Cell},
	Number = {2},
	Pages = {219--232},
	Title = {{FGF} Signaling Controls Somite Boundary Position and Regulates Segmentation Clock Control of Spatiotemporal Hox Gene Activation},
	Volume = {106},
	Year = {2001},
	Bdsk-Url-1 = {https://doi.org/10.1016/s0092-8674(01)00437-8}}

@book{Ermentrout1987,
	Author = {Bard Ermentrout},
	Isbn = {0898715067},
	Publisher = {Society for Industrial and Applied Mathematics},
	Title = {Simulating, Analyzing, and Animating Dynamical Systems: A Guide to XPPAUT for Researchers and Students (Software, Environments and Tools)},
	Year = {1987}}

@article{Dias2014,
	Author = {A. S. Dias and I. de Almeida and J. M. Belmonte and J. A. Glazier and C. D. Stern},
	Doi = {10.1126/science.1247575},
	Journal = {Science},
	Number = {6172},
	Pages = {791--795},
	Title = {Somites Without a Clock},
	Volume = {343},
	Year = {2014},
	Bdsk-Url-1 = {https://doi.org/10.1126/science.1247575}}

@article{Naiche2011,
	Author = {L. A. Naiche and N. Holder and M. Lewandoski},
	Doi = {10.1073/pnas.1007417108},
	Journal = {Proceedings of the National Academy of Sciences},
	Number = {10},
	Pages = {4018--4023},
	Title = {{FGF}4 and {FGF}8 comprise the wavefront activity that controls somitogenesis},
	Volume = {108},
	Year = {2011},
	Bdsk-Url-1 = {https://doi.org/10.1073/pnas.1007417108}}

@article{smith1995mathematical,
	Author = {Smith, Hal L},
	Journal = {Mathematical Surveys and Monographs. American Mathematical Society},
	Title = {Monotone dynamical systems: an introduction to the theory of competitive and cooperative systems},
	Volume = {41},
	Year = {1995}}

@book{mackey2016simple,
	Author = {Mackey, Michael C and Santill{\'a}n, Mois{\'e}s and Tyran-Kami{\'n}ska, Marta and Zeron, Eduardo S},
	Publisher = {Springer},
	Title = {Simple Mathematical Models of Gene Regulatory Dynamics},
	Year = {2016}}

@article{Maroto2012,
	Author = {M. Maroto and R. A. Bone and J. K. Dale},
	Doi = {10.1242/dev.069310},
	Journal = {Development},
	Month = {jun},
	Number = {14},
	Pages = {2453--2456},
	Publisher = {The Company of Biologists},
	Title = {Somitogenesis},
	Url = {https://doi.org/10.1242/dev.069310},
	Volume = {139},
	Year = {2012},
	Bdsk-Url-1 = {https://doi.org/10.1242/dev.069310}}

@article{Cooke1976,
	Author = {J. Cooke and E.C. Zeeman},
	Doi = {10.1016/s0022-5193(76)80131-2},
	Journal = {Journal of Theoretical Biology},
	Month = {jan},
	Number = {2},
	Pages = {455--476},
	Publisher = {Elsevier {BV}},
	Title = {A clock and wavefront model for control of the number of repeated structures during animal morphogenesis},
	Url = {https://doi.org/10.1016/s0022-5193(76)80131-2},
	Volume = {58},
	Year = {1976},
	Bdsk-Url-1 = {https://doi.org/10.1016/s0022-5193(76)80131-2}}

@article{Gibb2010,
	Author = {Sarah Gibb and Miguel Maroto and J. Kim Dale},
	Doi = {10.1016/j.tcb.2010.07.001},
	Journal = {Trends in Cell Biology},
	Month = {oct},
	Number = {10},
	Pages = {593--600},
	Publisher = {Elsevier {BV}},
	Title = {The segmentation clock mechanism moves up a notch},
	Url = {https://doi.org/10.1016/j.tcb.2010.07.001},
	Volume = {20},
	Year = {2010},
	Bdsk-Url-1 = {https://doi.org/10.1016/j.tcb.2010.07.001}}

@article{Pourquie2011,
	Author = {Olivier Pourqui{\'{e}}},
	Doi = {10.1016/j.cell.2011.05.011},
	Journal = {Cell},
	Month = {may},
	Number = {5},
	Pages = {650--663},
	Publisher = {Elsevier {BV}},
	Title = {Vertebrate Segmentation: From Cyclic Gene Networks to Scoliosis},
	Url = {https://doi.org/10.1016/j.cell.2011.05.011},
	Volume = {145},
	Year = {2011},
	Bdsk-Url-1 = {https://doi.org/10.1016/j.cell.2011.05.011}}

@article{Cotterell2015,
	Author = {James Cotterell and Alexandre Robert-Moreno and James Sharpe},
	Doi = {10.1016/j.cels.2015.10.002},
	Journal = {Cell Systems},
	Month = {oct},
	Number = {4},
	Pages = {257--269},
	Publisher = {Elsevier {BV}},
	Title = {A Local, Self-Organizing Reaction-Diffusion Model Can Explain Somite Patterning in Embryos},
	Url = {https://doi.org/10.1016/j.cels.2015.10.002},
	Volume = {1},
	Year = {2015},
	Bdsk-Url-1 = {https://doi.org/10.1016/j.cels.2015.10.002}}

@article{Santillan2008,
	Author = {Mois{\'{e}}s Santill{\'{a}}n and Michael C. Mackey},
	Doi = {10.1371/journal.pone.0001561},
	Editor = {Patrick Callaerts},
	Journal = {{PLoS} {ONE}},
	Month = {feb},
	Number = {2},
	Pages = {e1561},
	Publisher = {Public Library of Science ({PLoS})},
	Title = {A Proposed Mechanism for the Interaction of the Segmentation Clock and the Determination Front in Somitogenesis},
	Url = {https://doi.org/10.1371/journal.pone.0001561},
	Volume = {3},
	Year = {2008},
	Bdsk-Url-1 = {https://doi.org/10.1371/journal.pone.0001561}}

@article{Zavala2012,
	Author = {E. Zavala and M. Santill{\'{a}}n},
	Doi = {10.1051/mmnp/20127605},
	Journal = {Mathematical Modelling of Natural Phenomena},
	Number = {6},
	Pages = {95--106},
	Publisher = {{EDP} Sciences},
	Title = {An Analysis of Overall Network Architecture Reveals an Infinite-period Bifurcation Underlying Oscillation Arrest in the Segmentation Clock},
	Url = {https://doi.org/10.1051/mmnp/20127605},
	Volume = {7},
	Year = {2012},
	Bdsk-Url-1 = {https://doi.org/10.1051/mmnp/20127605}}

@article{Webb2016,
	Author = {Alexis B Webb and Iv{\'{a}}n M Lengyel and David J J\"{o}rg and Guillaume Valentin and Frank J\"{u}licher and Luis G Morelli and Andrew C Oates},
	Doi = {10.7554/elife.08438},
	Journal = {{eLife}},
	Month = {feb},
	Publisher = {{eLife} Sciences Organisation, Ltd.},
	Title = {Persistence, period and precision of autonomous cellular oscillators from the zebrafish segmentation clock},
	Url = {https://doi.org/10.7554/elife.08438},
	Volume = {5},
	Year = {2016},
	Bdsk-Url-1 = {https://doi.org/10.7554/elife.08438}}

@article{Santillan2008b,
	Author = {M. Santill{\'{a}}n},
	Doi = {10.1051/mmnp:2008056},
	Journal = {Mathematical Modelling of Natural Phenomena},
	Number = {2},
	Pages = {85--97},
	Publisher = {{EDP} Sciences},
	Title = {On the Use of the Hill Functions in Mathematical Models of Gene Regulatory Networks},
	Url = {https://doi.org/10.1051/mmnp:2008056},
	Volume = {3},
	Year = {2008},
	Bdsk-Url-1 = {https://doi.org/10.1051/mmnp:2008056}}

@article{Shahrezaei2008,
	Author = {Vahid Shahrezaei and Julien F Ollivier and Peter S Swain},
	Doi = {10.1038/msb.2008.31},
	Journal = {Molecular Systems Biology},
	Month = {may},
	Publisher = {Wiley-Blackwell},
	Title = {Colored extrinsic fluctuations and stochastic gene expression},
	Url = {https://doi.org/10.1038/msb.2008.31},
	Volume = {4},
	Year = {2008},
	Bdsk-Url-1 = {https://doi.org/10.1038/msb.2008.31}}

@article{Hilfinger2011,
	Author = {A. Hilfinger and J. Paulsson},
	Doi = {10.1073/pnas.1018832108},
	Journal = {Proceedings of the National Academy of Sciences},
	Month = {jul},
	Number = {29},
	Pages = {12167--12172},
	Publisher = {Proceedings of the National Academy of Sciences},
	Title = {Separating intrinsic from extrinsic fluctuations in dynamic biological systems},
	Url = {https://doi.org/10.1073/pnas.1018832108},
	Volume = {108},
	Year = {2011},
	Bdsk-Url-1 = {https://doi.org/10.1073/pnas.1018832108}}

@article{Justman2015,
	Author = {Quincey~A. Justman},
	Doi = {10.1016/j.cels.2015.11.003},
	Journal = {Cell Systems},
	Month = {nov},
	Number = {5},
	Pages = {308--309},
	Publisher = {Elsevier {BV}},
	Title = {An Explicit Source for Extrinsic Noise},
	Url = {https://doi.org/10.1016/j.cels.2015.11.003},
	Volume = {1},
	Year = {2015},
	Bdsk-Url-1 = {https://doi.org/10.1016/j.cels.2015.11.003}}

@article{Yan2017,
	Author = {Ching-Cher Sanders Yan and Surendhar Reddy Chepyala and Chao-Ming Yen and Chao-Ping Hsu},
	Doi = {10.1038/s41598-017-16835-y},
	Journal = {Scientific Reports},
	Month = {dec},
	Number = {1},
	Publisher = {Springer Nature},
	Title = {Efficient and flexible implementation of Langevin simulation for gene burst production},
	Url = {https://doi.org/10.1038/s41598-017-16835-y},
	Volume = {7},
	Year = {2017},
	Bdsk-Url-1 = {https://doi.org/10.1038/s41598-017-16835-y}}

@article{Uhlenbeck1930,
	Author = {G. E. Uhlenbeck and L. S. Ornstein},
	Doi = {10.1103/physrev.36.823},
	Journal = {Physical Review},
	Month = {sep},
	Number = {5},
	Pages = {823--841},
	Publisher = {American Physical Society ({APS})},
	Title = {On the Theory of the Brownian Motion},
	Url = {https://doi.org/10.1103/physrev.36.823},
	Volume = {36},
	Year = {1930},
	Bdsk-Url-1 = {https://doi.org/10.1103/physrev.36.823}}

@article{Ozbudak2008,
	Author = {Ertu{\u{g}}rul M. \"{O}zbudak and Julian Lewis},
	Doi = {10.1371/journal.pgen.0040015},
	Journal = {{PLoS} Genetics},
	Number = {2},
	Pages = {e15},
	Publisher = {Public Library of Science ({PLoS})},
	Title = {Notch Signalling Synchronizes the Zebrafish Segmentation Clock but Is Not Needed To Create Somite Boundaries},
	Url = {https://doi.org/10.1371/journal.pgen.0040015},
	Volume = {4},
	Year = {2008},
	Bdsk-Url-1 = {https://doi.org/10.1371/journal.pgen.0040015}}

@article{Gonze2005,
	Author = {Gonze, Didier and Bernard, Samuel and Waltermann, Christian and Kramer, Achim and Herzel, Hanspeter},
	Doi = {10.1529/biophysj.104.058388},
	Journal = {Biophysical journal},
	Number = {1},
	Pages = {120--129},
	Title = {{Spontaneous synchronization of coupled circadian oscillators.}},
	Volume = {89},
	Year = {2005},
	Bdsk-Url-1 = {https://doi.org/10.1529/biophysj.104.058388}}

@article{Garcia-Ojalvo2004,
	Author = {Garcia-Ojalvo, Jordi and Elowitz, Michael B and Strogatz, Steven H},
	Doi = {10.1073/pnas.0307095101},
	Journal = {Proceedings of the National Academy of Sciences of the United States of America},
	Number = {30},
	Pages = {10955--60},
	Title = {{Modeling a synthetic multicellular clock: repressilators coupled by quorum sensing.}},
	Volume = {101},
	Year = {2004},
	Bdsk-Url-1 = {https://doi.org/10.1073/pnas.0307095101}}

@article{Naiche2011,
	Author = {Naiche, L A and Holder, N and Lewandoski, M},
	Doi = {10.1073/pnas.1007417108},
	Journal = {Proceedings of the National Academy of Sciences},
	Number = {10},
	Pages = {4018--4023},
	Title = {{{\{}FGF{\}}4 and {\{}FGF{\}}8 comprise the wavefront activity that controls somitogenesis}},
	Volume = {108},
	Year = {2011},
	Bdsk-Url-1 = {https://doi.org/10.1073/pnas.1007417108}}

@article{Sawada2001,
	Author = {Sawada, A. and Shinya, M. and Jiang, Y. J. and Kawakami, A. and Kuroiwa, A. and Takeda, H.},
	File = {:media/jesus/e5b1d223-2f47-4430-9077-04df0dae5ad1/home/jesus/Desktop/MECpapers/fgf-MAPKsignallingIsAcrucialPositionalCueInSOmite.pdf:pdf},
	Issn = {09501991},
	Journal = {Development},
	Keywords = {After eight,Fgf,Fused somites,Her1,Segmentation,Somite,Tailbud,Zebrafish},
	Number = {23},
	Pages = {4873--4880},
	Pmid = {11731466},
	Title = {{Fgf/MAPK signalling is a crucial positional cue in somite boundary formation}},
	Volume = {128},
	Year = {2001}}

@book{Murray1989,
	Address = {Oxford},
	Author = {Murray, James D},
	Doi = {10.1007/978-3-662-08542-4},
	Edition = {Second},
	Editor = {Levin, S. A. and DeLisi, C. and Feldman, M. and Keller, J. and May, R. M. and Murray, J. D. and Perelson, A. and Segel, L. A.},
	File = {:media/jesus/Windows/Users/jesus pantoja/My Documents/Biblioteca/MurrayMathBiol.pdf:pdf},
	Isbn = {9783540572046},
	Pages = {783},
	Title = {{Mathematical Biology}},
	Year = {1989},
	Bdsk-Url-1 = {https://doi.org/10.1007/978-3-662-08542-4}}

@article{Castillo2016,
	Abstract = {In this paper, we study the emergence of different patterns that are formed on both static and growing domains and their bifurcation structure. One of these is the so-called Turing--Hopf morphogenetic mechanism. The reactive part we consider is of FitzHugh--Nagumo type. The analysis was carried out on a flat square by considering both fixed and growing domain. In both scenarios, sufficient conditions on the parameter values are given for the formation of specific space--time structures or patterns. A series of numerical solutions of the corresponding initial and boundary value problems are obtained, and a comparison between the resulting patterns on the fixed domain and those arising when the domain grows is established. We emphasize the role of growth of the domain in the selection of patterns. The paper ends by listing some open problems in this area.},
	Author = {Castillo, Jorge A. and S{\'{a}}nchez-Gardu{\~{n}}o, Faustino and Padilla, Pablo},
	Doi = {10.1007/s11538-016-0189-6},
	File = {:media/jesus/e5b1d223-2f47-4430-9077-04df0dae5ad1/home/jesus/Desktop/METpapers/Castillo2016{\_}Article{\_}ATuringHopfBifurcationScenario.pdf:pdf},
	Issn = {15229602},
	Journal = {Bulletin of Mathematical Biology},
	Keywords = {FitzHugh--Nagumo model,Growing domain,Spiral and turbulent-like patterns,Target,Turing--Hopf bifurcation},
	Number = {7},
	Pages = {1410--1449},
	Publisher = {Springer US},
	Title = {{A Turing--Hopf Bifurcation Scenario for Pattern Formation on Growing Domains}},
	Volume = {78},
	Year = {2016},
	Bdsk-Url-1 = {https://doi.org/10.1007/s11538-016-0189-6}}
